<?xml version="1.0" encoding="UTF-8"?>
  <record xmlns="http://www.loc.gov/MARC21/slim" type="Authority">
    <leader>00000nz  a2200000oc 4500</leader>
    <controlfield tag="001">1089913362</controlfield>
    <controlfield tag="003">DE-101</controlfield>
    <controlfield tag="005">20160311215344.0</controlfield>
    <controlfield tag="008">160311n||aznnnaabn           | aaa    |c</controlfield>
    <datafield tag="024" ind1="7" ind2=" ">
      <subfield code="a">1089913362</subfield>
      <subfield code="0">http://d-nb.info/gnd/1089913362</subfield>
      <subfield code="2">gnd</subfield>
    </datafield>
    <datafield tag="035" ind1=" " ind2=" ">
      <subfield code="a">(DE-101)1089913362</subfield>
    </datafield>
    <datafield tag="035" ind1=" " ind2=" ">
      <subfield code="a">(DE-588)1089913362</subfield>
    </datafield>
    <datafield tag="040" ind1=" " ind2=" ">
      <subfield code="a">CH-BaUGNH</subfield>
      <subfield code="c">CH-BaUGNH</subfield>
      <subfield code="9">r:CH-BaUGNH</subfield>
      <subfield code="b">ger</subfield>
      <subfield code="d">1601</subfield>
    </datafield>
    <datafield tag="042" ind1=" " ind2=" ">
      <subfield code="a">gnd3</subfield>
    </datafield>
    <datafield tag="043" ind1=" " ind2=" ">
      <subfield code="c">ZZ</subfield>
    </datafield>
    <datafield tag="075" ind1=" " ind2=" ">
      <subfield code="b">p</subfield>
      <subfield code="2">gndgen</subfield>
    </datafield>
    <datafield tag="075" ind1=" " ind2=" ">
      <subfield code="b">piz</subfield>
      <subfield code="2">gndspec</subfield>
    </datafield>
    <datafield tag="079" ind1=" " ind2=" ">
      <subfield code="a">g</subfield>
      <subfield code="q">f</subfield>
    </datafield>
    <datafield tag="100" ind1="1" ind2=" ">
      <subfield code="a">Ortenburg, Lucia</subfield>
      <subfield code="c">Gräfin zu</subfield>
      <subfield code="d">?-1626</subfield>
    </datafield>
    <datafield tag="400" ind1="1" ind2=" ">
      <subfield code="a">Orttenburg, Lucia</subfield>
      <subfield code="c">Gräfin zu</subfield>
      <subfield code="d">?-1626</subfield>
    </datafield>
    <datafield tag="400" ind1="0" ind2=" ">
      <subfield code="a">Lucia</subfield>
      <subfield code="c">Gräfin zu Ortenburg</subfield>
      <subfield code="d">?-1626</subfield>
    </datafield>
    <datafield tag="400" ind1="1" ind2=" ">
      <subfield code="a">Limburg, Lucia &#152;von&#156;</subfield>
      <subfield code="d">?-1626</subfield>
    </datafield>
    <datafield tag="400" ind1="1" ind2=" ">
      <subfield code="a">Von Limburg, Lucia</subfield>
      <subfield code="d">?-1626</subfield>
    </datafield>
    <datafield tag="548" ind1=" " ind2=" ">
      <subfield code="a">?-1626</subfield>
      <subfield code="4">datl</subfield>
      <subfield code="4">https://d-nb.info/standards/elementset/gnd#dateOfBirthAndDeath</subfield>
      <subfield code="w">r</subfield>
      <subfield code="i">Lebensdaten</subfield>
    </datafield>
    <datafield tag="670" ind1=" " ind2=" ">
      <subfield code="a">Briefkatalog UB Basel</subfield>
    </datafield>
  </record>
